@article{bjoerk95,
  title = "A review of the history of the {Baltic} {Sea}, 13.0-8.0 ka {BP}",
  author={Bj{\"o}rck, Svante},
  journal={Quaternary International},
  volume={27},
  pages={19--40},
  year={1995},
  publisher={Elsevier}
}

@article{schoning2001,
  title={The brackish {Baltic} {Sea} {Yoldia} {Stage}--palaeoenvironmental implications from marine benthic fauna and stable oxygen isotopes},
  author={Schoning, Kristian},
  journal={Boreas},
  volume={30},
  number={4},
  pages={290--298},
  year={2001},
  publisher={Wiley Online Library}
}

@article{tikkanen2002,
  title={Late {Weichselian} and {Holocene} shore displacement history of the {Baltic} {Sea} in {Finland} },
  author={Tikkanen, Matti and Oksanen, Juha},
  journal={Fennia-International Journal of Geography},
  volume={180},
  number={1-2},
  pages={9--20},
  year={2002}
}

@article{eronen2001,
  title={Rates of {Holocene} isostatic uplift and relative sea-level lowering of the {Baltic} in {SW} {Finland} based on studies of isolation contacts},
  author={Eronen, Matti and Gluckert, Gunnar and Hatakka, Lassi and Plassche, Orson van de and Plicht, Johannes van der and Rantala, Pasi},
  journal={Boreas},
  volume={30},
  number={1},
  pages={17--30},
  year={2001},
  publisher={Wiley Online Library}
}

@article{bjoerck2008,
  title={The late {Quaternary} development of the {Baltic} {Sea} basin},
  author={Bj{\"o}rck, Svante},
  journal={Assessment of climate change for the Baltic Sea Basin},
  pages={398--407},
  year={2008},
  publisher={Springer}
}

@article{reissmann2009,
  title={Vertical mixing in the {Baltic} {Sea} and consequences for eutrophication--{A} review},
  author={Reissmann, Jan Hinrich and Burchard, Hans and Feistel, Rainer and Hagen, Eberhard and Lass, Hans Ulrich and Mohrholz, Volker and Nausch, G{\"u}nther and Umlauf, Lars and Wieczorek, Gunda},
  journal={Progress in Oceanography},
  volume={82},
  number={1},
  pages={47--80},
  year={2009},
  publisher={Elsevier}
}

@article{mohrholz2015,
  title={Fresh oxygen for the {Baltic} {Sea}—{An} exceptional saline inflow after a decade of stagnation},
  author={Mohrholz, V and Naumann, M and Nausch, G and Kr{\"u}ger, S and Gr{\"a}we, U},
  journal={Journal of Marine Systems},
  volume={148},
  pages={152--166},
  year={2015},
  publisher={Elsevier}
}

@book{balticsea,
  title={State and evolution of the {Baltic} {Sea}, 1952-2005: a detailed 50-year survey of meteorology and climate, physics, chemistry, biology, and marine environment},
  author={Feistel, Rainer and Nausch, G{\"u}nther and Wasmund, Norbert},
  year={2008},
  publisher={John Wiley \& Sons}
}

@article{schinke1998,
  title={On the causes of major {Baltic} inflows—an analysis of long time series},
  author={Schinke, Holger and Matth{\"a}us, Wolfgang},
  journal={Continental Shelf Research},
  volume={18},
  number={1},
  pages={67--97},
  year={1998},
  publisher={Elsevier}
}
